<record><leader>00000cas a22000007a 4500</leader><controlfield tag="001">18550059</controlfield><controlfield tag="008">880930d19371941laudr ne      0    0eng d</controlfield><datafield ind1=" " ind2=" " tag="010"><subfield code="a">sn 88064652 </subfield></datafield><datafield ind1=" " ind2=" " tag="040"><subfield code="a">LNP</subfield><subfield code="b">eng</subfield><subfield code="c">LNP</subfield><subfield code="d">OCLCQ</subfield></datafield><datafield ind1=" " ind2=" " tag="042"><subfield code="a">msc</subfield></datafield><datafield ind1="0" ind2=" " tag="130"><subfield code="a">Tribune (New Orleans, La.)</subfield></datafield><datafield ind1="1" ind2="4" tag="245"><subfield code="a">The Tribune.</subfield></datafield><datafield ind1="3" ind2="0" tag="246"><subfield code="a">Sunday item-tribune</subfield></datafield><datafield ind1=" " ind2=" " tag="260"><subfield code="a">New Orleans [La.] :</subfield><subfield code="b">Item Co.</subfield></datafield><datafield ind1=" " ind2=" " tag="300"><subfield code="a">v.</subfield></datafield><datafield ind1=" " ind2=" " tag="310"><subfield code="a">Daily</subfield></datafield><datafield ind1="0" ind2=" " tag="362"><subfield code="a">Vol. 13, no. 27 (Jan. 11, 1937)-v. 17, no. 26 (Jan. 11, 1941).</subfield></datafield><datafield ind1=" " ind2=" " tag="500"><subfield code="a">On Sunday published with: New Orleans item and called: Sunday item-tribune, 1937-1941.</subfield></datafield><datafield ind1=" " ind2=" " tag="752"><subfield code="a">United States</subfield><subfield code="b">Louisiana</subfield><subfield code="c">Orleans</subfield><subfield code="d">New Orleans.</subfield></datafield><datafield ind1="0" ind2="0" tag="780"><subfield code="t">Morning tribune (New Orleans, La.)</subfield><subfield code="w">(DLC)sn 88064647</subfield></datafield></record>